@article{knuth84,
  author = {Knuth, Donald E.},
  title = {Literate Programming},
  year = {1984},
  issue_date = {May 1984},
  publisher = {Oxford University Press, Inc.},
  address = {USA},
  volume = {27},
  number = {2},
  issn = {0010-4620},
  url = {https://doi.org/10.1093/comjnl/27.2.97},
  doi = {10.1093/comjnl/27.2.97},
  journal = {Comput. J.},
  month = may,
  pages = {97â€“111},
  numpages = {15}
}


@book{harrison_2022,
	edition = {21},
	title = {Harrison's {Principles} of {Internal} {Medicine}, 21e},
	url = {https://accesspharmacy.mhmedical.com/content.aspx?bookid=3095&sectionid=259856983},
	publisher = {McGraw Hill},
	author = {Loscalzo, J and Fauci, A and Kasper, D and Hauser, S and Longo, D and Jameson, J},
	year = {2022},
}

@book{marino,
  title         = {Marino's the ICU Book},
  author        = {Marino, Paul L.},
  year          = {2014},
  publisher     = {Lippincott Williams & Wilkins},
  isbn          = {1451121180},
  abstract      = {
    "A fundamental sourcebook for the care of critically ill patients. This
    edition continues the original intent to provide a "generic textbook" that
    presents fundamental concepts and patient care practices that can be used in
    any adult intensive care unit,regardless of the specialty focus of the
    unit"--Provided by publisher.
  },
  language      = {en}
}


